<record xmlns="http://www.loc.gov/MARC21/slim" xmlns:xsi="http://www.w3.org/2001/XMLSchema-instance" xsi:schemaLocation="http://www.loc.gov/MARC21/slim http://www.loc.gov/standards/marcxml/schema/MARC21slim.xsd"><leader>00000nam a22006734i 4500</leader><controlfield tag="001">9789523795822</controlfield><controlfield tag="003">FI-BTJ</controlfield><controlfield tag="005">20260331041332.3</controlfield><controlfield tag="008">260331t20262026fi ||||       |0| j|fin|c</controlfield><datafield ind1=" " ind2=" " tag="020"><subfield code="a">9789523795822</subfield><subfield code="q">kovakantinen</subfield></datafield><datafield ind1=" " ind2=" " tag="035"><subfield code="a">(FI-BTJ)7531142</subfield></datafield><datafield ind1=" " ind2=" " tag="040"><subfield code="a">FI-BTJ</subfield><subfield code="b">fin</subfield><subfield code="e">rda</subfield><subfield code="d">FI-NL</subfield></datafield><datafield ind1="1" ind2=" " tag="041"><subfield code="a">fin</subfield><subfield code="h">eng</subfield></datafield><datafield ind1=" " ind2=" " tag="084"><subfield code="a">84.2</subfield><subfield code="2">ykl</subfield></datafield><datafield ind1="9" ind2=" " tag="084"><subfield code="a">Novellit</subfield><subfield code="2">ykl</subfield></datafield><datafield ind1=" " ind2=" " tag="084"><subfield code="a">95.12</subfield><subfield code="2">ykl</subfield></datafield><datafield ind1=" " ind2=" " tag="084"><subfield code="a">45.11</subfield><subfield code="2">ykl</subfield></datafield><datafield ind1=" " ind2=" " tag="091"><subfield code="a">89.09</subfield></datafield><datafield ind1=" " ind2=" " tag="092"><subfield code="a">84.2</subfield></datafield><datafield ind1=" " ind2=" " tag="094"><subfield code="a">84.2</subfield></datafield><datafield ind1=" " ind2=" " tag="095"><subfield code="a">1.4</subfield></datafield><datafield ind1=" " ind2=" " tag="097"><subfield code="a">84.2</subfield></datafield><datafield ind1="1" ind2=" " tag="100"><subfield code="a">Dickens, Charles,</subfield><subfield code="e">kirjoittaja.</subfield><subfield code="0">(FI-ASTERI-N)000041686</subfield></datafield><datafield ind1="1" ind2="0" tag="240"><subfield code="a">Novellit.</subfield><subfield code="k">Valikoima.</subfield><subfield code="l">Suomi</subfield></datafield><datafield ind1="1" ind2="0" tag="245"><subfield code="a">K&#228;velyretki&#228; Lontoon kaduilla /</subfield><subfield code="c">Charles Dickens ; suomentanut Jussi Korhonen.</subfield></datafield><datafield ind1=" " ind2=" " tag="250"><subfield code="a">Uusi tarkistettu painos.</subfield></datafield><datafield ind1=" " ind2="1" tag="264"><subfield code="a">Helsinki :</subfield><subfield code="b">Basam Books,</subfield><subfield code="c">[2026]</subfield></datafield><datafield ind1=" " ind2="3" tag="264"><subfield code="a">Keuruu :</subfield><subfield code="b">Otavan kirjapaino</subfield></datafield><datafield ind1=" " ind2="4" tag="264"><subfield code="c">&#169;2026</subfield></datafield><datafield ind1=" " ind2=" " tag="300"><subfield code="a">108 sivua ;</subfield><subfield code="c">22 cm</subfield></datafield><datafield ind1=" " ind2=" " tag="336"><subfield code="a">teksti</subfield><subfield code="b">txt</subfield><subfield code="2">rdacontent</subfield></datafield><datafield ind1=" " ind2=" " tag="337"><subfield code="a">k&#228;ytett&#228;viss&#228; ilman laitetta</subfield><subfield code="b">n</subfield><subfield code="2">rdamedia</subfield></datafield><datafield ind1=" " ind2=" " tag="338"><subfield code="a">nide</subfield><subfield code="b">nc</subfield><subfield code="2">rdacarrier</subfield></datafield><datafield ind1="1" ind2=" " tag="388"><subfield code="a">1850-luku</subfield><subfield code="2">yso/fin</subfield><subfield code="0">http://www.yso.fi/onto/yso/p6185061859</subfield></datafield><datafield ind1="1" ind2=" " tag="388"><subfield code="a">1860-luku</subfield><subfield code="2">yso/fin</subfield><subfield code="0">http://www.yso.fi/onto/yso/p6186061869</subfield></datafield><datafield ind1="0" ind2=" " tag="490"><subfield code="a">Basam klassikko</subfield></datafield><datafield ind1="0" ind2="0" tag="505"><subfield code="t">Kuutamok&#228;velyll&#228; --</subfield><subfield code="t">Eksyksiss&#228; --</subfield><subfield code="t">Wappingin k&#246;yh&#228;intalo --</subfield><subfield code="t">Pieni it&#228;inen t&#228;hti --</subfield><subfield code="t">Harrastelijan kierros --</subfield><subfield code="t">Edesmenneiden kaupunki --</subfield><subfield code="t">Syrj&#228;kujilla --</subfield><subfield code="t">&#214;ykk&#228;ri.</subfield></datafield><datafield ind1=" " ind2="7" tag="648"><subfield code="a">1800-luku</subfield><subfield code="2">yso/fin</subfield><subfield code="0">http://www.yso.fi/onto/yso/p6180061899</subfield></datafield><datafield ind1=" " ind2="7" tag="650"><subfield code="a">kaupungit</subfield><subfield code="2">kauno/fin</subfield><subfield code="0">http://www.yso.fi/onto/kauno/p181</subfield></datafield><datafield ind1=" " ind2="7" tag="650"><subfield code="a">kaupunkikulttuuri</subfield><subfield code="2">kauno/fin</subfield><subfield code="0">http://www.yso.fi/onto/kauno/p37</subfield></datafield><datafield ind1=" " ind2="7" tag="650"><subfield code="a">kaupunkihistoria</subfield><subfield code="2">kauno/fin</subfield><subfield code="0">http://www.yso.fi/onto/yso/p8107</subfield></datafield><datafield ind1=" " ind2="7" tag="650"><subfield code="a">k&#228;vely</subfield><subfield code="2">kauno/fin</subfield><subfield code="0">http://www.yso.fi/onto/kauno/p5778</subfield></datafield><datafield ind1=" " ind2="7" tag="650"><subfield code="a">sosiaaliset ongelmat</subfield><subfield code="2">kauno/fin</subfield><subfield code="0">http://www.yso.fi/onto/kauno/p717</subfield></datafield><datafield ind1=" " ind2="7" tag="650"><subfield code="a">ajankuvaus</subfield><subfield code="2">kauno/fin</subfield><subfield code="0">http://www.yso.fi/onto/kauno/p205</subfield></datafield><datafield ind1=" " ind2="7" tag="650"><subfield code="a">viktoriaaninen aika</subfield><subfield code="2">kauno/fin</subfield><subfield code="0">http://www.yso.fi/onto/kauno/p727</subfield></datafield><datafield ind1=" " ind2="7" tag="651"><subfield code="a">Lontoo</subfield><subfield code="2">yso/fin</subfield><subfield code="0">http://www.yso.fi/onto/yso/p104995</subfield></datafield><datafield ind1=" " ind2="7" tag="651"><subfield code="a">Iso-Britannia</subfield><subfield code="2">yso/fin</subfield><subfield code="0">http://www.yso.fi/onto/yso/p104990</subfield></datafield><datafield ind1=" " ind2="7" tag="655"><subfield code="a">novellit</subfield><subfield code="2">slm/fin</subfield><subfield code="0">http://urn.fi/URN:NBN:fi:au:slm:s27</subfield></datafield><datafield ind1=" " ind2="7" tag="655"><subfield code="a">klassikot</subfield><subfield code="2">slm/fin</subfield><subfield code="0">http://urn.fi/URN:NBN:fi:au:slm:s402</subfield></datafield><datafield ind1=" " ind2="7" tag="655"><subfield code="a">kaunokirjallisuus</subfield><subfield code="2">slm/fin</subfield><subfield code="0">http://urn.fi/URN:NBN:fi:au:slm:s975</subfield></datafield><datafield ind1=" " ind2="7" tag="655"><subfield code="a">esseet</subfield><subfield code="2">slm/fin</subfield><subfield code="0">http://urn.fi/URN:NBN:fi:au:slm:s110</subfield></datafield><datafield ind1=" " ind2="7" tag="655"><subfield code="a">k&#228;&#228;nn&#246;kset</subfield><subfield code="2">slm/fin</subfield><subfield code="0">http://urn.fi/URN:NBN:fi:au:slm:s1044</subfield></datafield><datafield ind1=" " ind2="7" tag="655"><subfield code="a">englanninkielinen kirjallisuus</subfield><subfield code="2">local</subfield></datafield><datafield ind1="1" ind2=" " tag="700"><subfield code="a">Korhonen, Jussi,</subfield><subfield code="e">k&#228;&#228;nt&#228;j&#228;.</subfield><subfield code="0">(FI-ASTERI-N)000140571</subfield></datafield><datafield ind1="1" ind2="2" tag="700"><subfield code="i">Sis&#228;lt&#228;&#228; (ekspressio):</subfield><subfield code="a">Dickens, Charles.</subfield><subfield code="t">Night walks.</subfield><subfield code="l">Suomi.</subfield><subfield code="0">(FI-ASTERI-N)000041686</subfield></datafield><datafield ind1="1" ind2="2" tag="700"><subfield code="i">Sis&#228;lt&#228;&#228; (ekspressio):</subfield><subfield code="a">Dickens, Charles.</subfield><subfield code="t">Gone astray.</subfield><subfield code="l">Suomi.</subfield><subfield code="0">(FI-ASTERI-N)000041686</subfield></datafield><datafield ind1="1" ind2="2" tag="700"><subfield code="i">Sis&#228;lt&#228;&#228; (ekspressio):</subfield><subfield code="a">Dickens, Charles.</subfield><subfield code="t">Wapping workhouse.</subfield><subfield code="l">Suomi.</subfield><subfield code="0">(FI-ASTERI-N)000041686</subfield></datafield><datafield ind1="1" ind2="2" tag="700"><subfield code="i">Sis&#228;lt&#228;&#228; (ekspressio):</subfield><subfield code="a">Dickens, Charles.</subfield><subfield code="t">Small star in the east.</subfield><subfield code="l">Suomi.</subfield><subfield code="0">(FI-ASTERI-N)000041686</subfield></datafield><datafield ind1="1" ind2="2" tag="700"><subfield code="i">Sis&#228;lt&#228;&#228; (ekspressio):</subfield><subfield code="a">Dickens, Charles.</subfield><subfield code="t">On an amateur beat.</subfield><subfield code="l">Suomi.</subfield><subfield code="0">(FI-ASTERI-N)000041686</subfield></datafield><datafield ind1="1" ind2="2" tag="700"><subfield code="i">Sis&#228;lt&#228;&#228; (ekspressio):</subfield><subfield code="a">Dickens, Charles.</subfield><subfield code="t">City of the absent.</subfield><subfield code="l">Suomi.</subfield><subfield code="0">(FI-ASTERI-N)000041686</subfield></datafield><datafield ind1="1" ind2="2" tag="700"><subfield code="i">Sis&#228;lt&#228;&#228; (ekspressio):</subfield><subfield code="a">Dickens, Charles.</subfield><subfield code="t">Shy neighbourhoods.</subfield><subfield code="l">Suomi.</subfield><subfield code="0">(FI-ASTERI-N)000041686</subfield></datafield><datafield ind1="1" ind2="2" tag="700"><subfield code="i">Sis&#228;lt&#228;&#228; (ekspressio):</subfield><subfield code="a">Dickens, Charles.</subfield><subfield code="t">Ruffian.</subfield><subfield code="l">Suomi.</subfield><subfield code="0">(FI-ASTERI-N)000041686</subfield></datafield><datafield ind1="2" ind2=" " tag="710"><subfield code="a">Basam Books (2016-),</subfield><subfield code="e">kustantaja.</subfield><subfield code="0">(FI-ASTERI-N)000216766</subfield></datafield><datafield ind1=" " ind2=" " tag="852"><subfield code="x">Helsingin luokanmuutos 27.4.2026</subfield></datafield></record>